
@article{etchecopar_predateurs_2013,
	title = {Des  prédateurs   et  leurs  proies},
	volume = {8},
	language = {fr},
	author = {Etchécopar, Philippe},
	year = {2013},
	pages = {4},
	file = {Etchécopar - 2013 - Des  prédateurs   et  leurs  proies.pdf:C\:\\Users\\Tanguy\\Zotero\\storage\\LAU4MH7Q\\Etchécopar - 2013 - Des  prédateurs   et  leurs  proies.pdf:application/pdf},
}

@article{andreianov_mathematiques_nodate,
	title = {Mathématiques pour la modélisation   {Dynamique} des populations},
	language = {fr},
	author = {Andreianov, B and Caldini, C and Donadello, C and Klein, P},
	pages = {39},
	file = {Andreianov et al. - Mathématiques pour la modélisation   Dynamique des.pdf:C\:\\Users\\Tanguy\\Zotero\\storage\\7RDRPAGG\\Andreianov et al. - Mathématiques pour la modélisation   Dynamique des.pdf:application/pdf},
}

@article{latte_responsable_nodate,
	title = {Responsable du cours : {Pauline} {LAFITTE} • {Professeur} de {Mathématiques} à {CS}},
	language = {fr},
	author = {Laﬁtte, Pauline},
	pages = {120},
	file = {Laﬁtte - Responsable du cours  Pauline LAFITTE • Professeu.pdf:C\:\\Users\\Tanguy\\Zotero\\storage\\YUV3TXP5\\Laﬁtte - Responsable du cours  Pauline LAFITTE • Professeu.pdf:application/pdf;EDP-CM-2_AR.pdf:C\:\\Users\\Tanguy\\Zotero\\storage\\DMVA4JLM\\EDP-CM-2_AR.pdf:application/pdf},
}

@article{lustig_reseaux_nodate,
	title = {Re´seaux de {Pe}´tri et mode`les proies-pre´dateurs},
	language = {fr},
	author = {Lustig, Audrey},
	pages = {17},
	file = {Lustig - Re´seaux de Pe´tri et mode`les proies-pre´dateurs.pdf:C\:\\Users\\Tanguy\\Zotero\\storage\\IEKUUV4I\\Lustig - Re´seaux de Pe´tri et mode`les proies-pre´dateurs.pdf:application/pdf},
}
